<record><leader>00000cas a22000007a 4500</leader><controlfield tag="001">13291253</controlfield><controlfield tag="008">860313d19121924wvuwr ne      0    0eng d</controlfield><datafield ind1=" " ind2=" " tag="010"><subfield code="a">sn 86092353 </subfield></datafield><datafield ind1=" " ind2=" " tag="040"><subfield code="a">WVC</subfield><subfield code="b">eng</subfield><subfield code="c">WVC</subfield><subfield code="d">OCL</subfield><subfield code="d">OCLCQ</subfield></datafield><datafield ind1=" " ind2=" " tag="042"><subfield code="a">msc</subfield></datafield><datafield ind1="0" ind2="0" tag="245"><subfield code="a">Sistersville weekly review.</subfield></datafield><datafield ind1="1" ind2="7" tag="246"><subfield code="a">Sistersville review</subfield></datafield><datafield ind1=" " ind2=" " tag="260"><subfield code="a">Sistersville, W. Va. :</subfield><subfield code="b">Oil Review Publ. Co.,</subfield><subfield code="c">-1924.</subfield></datafield><datafield ind1=" " ind2=" " tag="300"><subfield code="a">v.</subfield></datafield><datafield ind1=" " ind2=" " tag="310"><subfield code="a">Weekly</subfield></datafield><datafield ind1="1" ind2=" " tag="362"><subfield code="a">Began in Jan., 1912?</subfield></datafield><datafield ind1="0" ind2=" " tag="362"><subfield code="a">-Thirty-ninth year (Jan. 9, 1924).</subfield></datafield><datafield ind1=" " ind2=" " tag="500"><subfield code="a">Editor: C.O. Fluharty.</subfield></datafield><datafield ind1=" " ind2=" " tag="588"><subfield code="a">Description based on: Vol. 28, no. 38 (Sept. 18, 1912).</subfield></datafield><datafield ind1=" " ind2=" " tag="752"><subfield code="a">United States</subfield><subfield code="b">West Virginia</subfield><subfield code="c">Tyler</subfield><subfield code="d">Sistersville.</subfield></datafield><datafield ind1="0" ind2=" " tag="775"><subfield code="t">Daily oil review</subfield><subfield code="w">(DLC)sn 86092358</subfield></datafield><datafield ind1="0" ind2=" " tag="775"><subfield code="t">Sistersville daily review (1912)</subfield><subfield code="w">(DLC)sn 86092359</subfield></datafield><datafield ind1="0" ind2="0" tag="780"><subfield code="t">Weekly oil review</subfield><subfield code="w">(DLC)sn 86092352</subfield></datafield><datafield ind1="0" ind2="0" tag="785"><subfield code="t">Sistersville review</subfield><subfield code="w">(DLC)sn 86092354</subfield></datafield><datafield ind1="1" ind2=" " tag="029"><subfield code="a">AU@</subfield><subfield code="b">000023564143</subfield></datafield></record>